@BOOK{Lamport,
  AUTHOR =       "L. Lamport",
  TITLE =        "\LaTeX, A Document Preparation System: User's Guide And Reference Manual",
  PUBLISHER =    "Pearson Professional Education",
  YEAR =         "1994",
  address =      "New York",
}

@BOOK{Goossens,
  AUTHOR =       "M. Goossens and F. Mittelbach and A. Samarin",
  TITLE =        "The \LaTeX\ Companion",
  PUBLISHER =    "Addison-Wesley",
  YEAR =         "1994",
  OPTaddress =      "",
  OPTedition =      "",
  isbn =         "0201541998",
}

@misc{website:REFEDS,
      author = "To Do",
      title = "Refeds",
      month = "Mars",
      year = 2012,
      url = "https://refeds.org/index.html"
}

@misc{website:Interoperable_SAML_2.0_Profile,
      author = "A. \r{A}kre Solberg and S.Cantor and E.Maler and L.Johansson and J.Hodges and I.Young and N.Klingenstein and B.Morgan", title = "Interoperable SAML 2.0 Web Browser SSO Deployment Profile",
      month = "Mars",
      year = 2012,
      howpublished = "\url{http://saml2int.org/profile}"
}


